@inproceedings{Wu2005_OptimizingLRPC,
  title={Optimizing connected component labeling algorithms},
  author={Wu, Kesheng and Otoo, Ekow and Shoshani, Arie},
  booktitle={Medical Imaging},
  pages={1965--1976},
  year={2005},
  organization={International Society for Optics and Photonics}
}

@article{Wu2009_LRPC,
  title={Optimizing two-pass connected-component labeling algorithms},
  author={Wu, Kesheng and Otoo, Ekow and Suzuki, Kenji},
  journal={Pattern Analysis and Applications},
  volume={12},
  number={2},
  pages={117--135},
  year={2009},
  publisher={Springer}
}

@article{He2008_Run,
  title={A run-based two-scan labeling algorithm},
  author={He, Lifeng and Chao, Yuyan and Suzuki, Kenji},
  journal={Image Processing, IEEE Transactions on},
  volume={17},
  number={5},
  pages={749--756},
  year={2008},
  publisher={IEEE}
}

@incollection{Patwary2010_RemSP,
  title={Experiments on union-find algorithms for the disjoint-set data structure},
  author={Patwary, Md Mostofa Ali and Blair, Jean and Manne, Fredrik},
  booktitle={Experimental Algorithms},
  pages={411--423},
  year={2010},
  publisher={Springer}
}

@inproceedings{He2012_ARun,
  title={A new two-scan algorithm for labeling connected components in binary images},
  author={He, Lifeng and Chao, Yuyan and Suzuki, Kenji},
  booktitle={Proceedings of the World Congress on Engineering},
  volume={2},
  year={2012}
}

@inproceedings{Patwary2012_PARemSP,
  title={Multi-core spanning forest algorithms using the disjoint-set data structure},
  author={Patwary, Md and Ali, Mostofa and Refsnes, Peder and Manne, Fredrik},
  booktitle={Parallel \& Distributed Processing Symposium (IPDPS), 2012 IEEE 26th International},
  pages={827--835},
  year={2012},
  organization={IEEE}
}

@article{Suzuki2003_Linear,
  title={Linear-time connected-component labeling based on sequential local operations},
  author={Suzuki, Kenji and Horiba, Isao and Sugie, Noboru},
  journal={Computer Vision and Image Understanding},
  volume={89},
  number={1},
  pages={1--23},
  year={2003},
  publisher={Elsevier}
}

@misc{Gonzales_Digital,
  title={Digital image processing, 1993},
  author={Gonzales, Rafael C and Woods, RE},
  publisher={Addison-Wesley Publishing Company}
}

@article{Alnuweiri1992_Parallel,
  title={Parallel architectures and algorithms for image component labeling},
  author={Alnuweiri, Hussein M and Prasanna, Viktor K},
  journal={IEEE Transactions on Pattern Analysis and Machine Intelligence},
  volume={14},
  number={10},
  pages={1014--1034},
  year={1992},
  publisher={IEEE Computer Society}
}

@inproceedings{Agarwal2006_Efficient,
  title={I/O-efficient batched union-find and its applications to terrain analysis},
  author={Agarwal, Pankaj K and Arge, Lars and Yi, Ke},
  booktitle={Proceedings of the twenty-second annual symposium on Computational geometry},
  pages={167--176},
  year={2006},
  organization={ACM}
}

@article{Chang2004_Linear,
  title={A linear-time component-labeling algorithm using contour tracing technique},
  author={Chang, Fu and Chen, Chun-Jen and Lu, Chi-Jen},
  journal={Computer Vision and Image Understanding},
  volume={93},
  number={2},
  pages={206--220},
  year={2004},
  publisher={Elsevier}
}

@article{Hayashi2001_Fast,
  title={Fast labelling of natural scenes using enhanced knowledge},
  author={Hayashi, Hiroki and Kudo, Mineichi and Toyama, Jun and Shimbo, Masaru},
  journal={Pattern Analysis \& Applications},
  volume={4},
  number={1},
  pages={20--27},
  year={2001},
  publisher={Springer}
}

@article{Hu2005_Fast,
  title={Fast connected-component labelling in three-dimensional binary images based on iterative recursion},
  author={Hu, Qingmao and Qian, Guoyu and Nowinski, Wieslaw L},
  journal={Computer Vision and Image Understanding},
  volume={99},
  number={3},
  pages={414--434},
  year={2005},
  publisher={Elsevier}
}

@article{Knop1998_Parallel,
  title={Parallel labeling of three-dimensional clusters on networks of workstations},
  author={Knop, Felipe and Rego, Vernon},
  journal={Journal of Parallel and Distributed Computing},
  volume={49},
  number={2},
  pages={182--203},
  year={1998},
  publisher={Elsevier}
}

@article{Moga1997_Parallel,
  title={Parallel image component labelling with watershed transformation},
  author={Moga, Alina N and Gabbouj, Moncef},
  journal={Pattern Analysis and Machine Intelligence, IEEE Transactions on},
  volume={19},
  number={5},
  pages={441--450},
  year={1997},
  publisher={IEEE}
}

@article{Wang2003_Parallel,
  title={Parallel execution of a connected component labeling operation on a linear array architecture},
  author={Wang, Kuang-Bor and Chia, Tsorng-Lin and Chen, Zen and Lou, Der-Chyuan},
  journal={J. Inf. Sci. Eng.},
  volume={19},
  number={2},
  pages={353--370},
  year={2003}
}

@article{Chen2013_PARun,
  title={Parallelization of Connected-Component Labeling on TILE64 Many-Core Platform},
  author={Chen, Chien-Wei and Wu, Yi-Ta and Tseng, Shau-Yin and Wang, Wen-Shan},
  journal={Journal of Signal Processing Systems},
  pages={1--15},
  year={2013},
  publisher={Springer}
}

@incollection{Haralick1981_Repeated,
  title={Some neighborhood operators},
  author={Haralick, RM},
  booktitle={Real-Time Parallel Computing},
  pages={11--35},
  year={1981},
  publisher={Springer}
}

@inproceedings{Niknam2010_Parallel,
  title={A parallel algorithm for connected component labelling of gray-scale images on homogeneous multicore architectures},
  author={Niknam, Mehdi and Thulasiraman, Parimala and Camorlinga, Sergio},
  booktitle={Journal of Physics: Conference Series},
  volume={256},
  number={1},
  pages={012010},
  year={2010},
  organization={IOP Publishing}
}

@book{Dijkstra1976_RemSP,
  title={A discipline of programming},
  author={Dijkstra, Edsger Wybe and Dijkstra, Edsger Wybe and Dijkstra, Edsger Wybe and Dijkstra, Edsger Wybe},
  volume={1},
  year={1976},
  publisher={prentice-hall Englewood Cliffs}
}

@article{Hashizume1990_Algorithm,
  title={An algorithm of automated RBC classification and its evaluation},
  author={Hashizume, A and Suzuki, R and Yokouchi, H and Horiuchi, H and Yamamato, S},
  journal={Bio Medical Engineering},
  volume={28},
  number={1},
  pages={25--32},
  year={1990}
}

@article{gotoh1990high,
  title={High-Speed Algorithm for Component Labeling},
  author={Gotoh, Toshiyuki and Ohta, Yoshiyuki and Yoshida, Masumi and Shirai, Yoshiaki},
  journal={Systems and Computers in Japan},
  volume={21},
  number={5},
  pages={74--84},
  year={1990},
  publisher={Wiley Online Library}
}

@inproceedings{gotoh1987component,
  title={Component labeling algorithm for video rate processing},
  author={Gotoh, Toshiyuki and Ohta, Yoshiyuki and Yoshida, Masumi and Shirai, Yoshio},
  booktitle={Hague International Symposium},
  pages={217--224},
  year={1987},
  organization={International Society for Optics and Photonics}
}

@inproceedings{komeichi1989video,
  title={Video-rate labeling processor},
  author={Komeichi, Masatoshi and Ohta, Yoshiyuki and Gotoh, Toshiyuki and Mima, Toshiya and Yoshida, Masumi},
  booktitle={1988 Intl Congress on Optical Science and Engineering},
  pages={69--76},
  year={1989},
  organization={International Society for Optics and Photonics}
}

@article{lumia1983new,
  title={A new three-dimensional connected components algorithm},
  author={Lumia, Ronald},
  journal={Computer Vision, Graphics, and Image Processing},
  volume={23},
  number={2},
  pages={207--217},
  year={1983},
  publisher={Elsevier}
}

@article{lumia1983new_c,
  title={A new connected components algorithm for virtual memory computers},
  author={Lumia, Ronald and Shapiro, Linda and Zuniga, Oscar},
  journal={Computer Vision, Graphics, and Image Processing},
  volume={22},
  number={2},
  pages={287--300},
  year={1983},
  publisher={Elsevier}
}

@inproceedings{naoi1995high,
  title={High-speed labeling method using adaptive variable window size for character shape feature},
  author={Naoi, Satoshi},
  booktitle={IEEE Asian Conference on computer vision},
  volume={1},
  pages={408--411},
  year={1995}
}

@article{rosenfeld1970connectivity,
  title={Connectivity in digital pictures},
  author={Rosenfeld, Azriel},
  journal={Journal of the ACM (JACM)},
  volume={17},
  number={1},
  pages={146--160},
  year={1970},
  publisher={ACM}
}

@article{rosenfeld1966sequential,
  title={Sequential operations in digital picture processing},
  author={Rosenfeld, Azriel and Pfaltz, John L},
  journal={Journal of the ACM (JACM)},
  volume={13},
  number={4},
  pages={471--494},
  year={1966},
  publisher={ACM}
}

@article{shirai1987labeling,
  title={Labeling connected regions},
  author={Shirai, Y},
  journal={Three-Dimensional Computer Vision},
  pages={86--89},
  year={1987}
}

@article{dillencourt1992general,
  title={A general approach to connected-component labeling for arbitrary image representations},
  author={Dillencourt, Michael B and Samet, Hannan and Tamminen, Markku},
  journal={Journal of the ACM (JACM)},
  volume={39},
  number={2},
  pages={253--280},
  year={1992},
  publisher={ACM}
}

@inproceedings{gargantini1982separation,
  title={Separation of connected component using linear quad-and oct-trees},
  author={Gargantini, Irene and Tabakman, Zale},
  booktitle={Proc. 12th Conf. Numerical Mathematics and Computation},
  volume={37},
  pages={257--276},
  year={1982}
}

@article{hecquard1991connected,
  title={Connected component labeling with linear octree},
  author={Hecquard, Jean and Acharya, Raj},
  journal={Pattern recognition},
  volume={24},
  number={6},
  pages={515--531},
  year={1991},
  publisher={Elsevier}
}

@article{samet1981connected,
  title={Connected component labeling using quadtrees},
  author={Samet, Hanan},
  journal={Journal of the ACM (JACM)},
  volume={28},
  number={3},
  pages={487--501},
  year={1981},
  publisher={ACM}
}

@article{samet1985computing,
  title={Computing geometric properties of images represented by linear quadtrees},
  author={Samet, Hanan and Tamminen, Markku},
  journal={Pattern Analysis and Machine Intelligence, IEEE Transactions on},
  number={2},
  pages={229--240},
  year={1985},
  publisher={IEEE}
}

@article{samet1988efficient,
  title={Efficient component labeling of images of arbitrary dimension represented by linear bintrees},
  author={Samet, Hanan and Tamminen, Markku},
  journal={Pattern Analysis and Machine Intelligence, IEEE Transactions on},
  volume={10},
  number={4},
  pages={579--586},
  year={1988},
  publisher={IEEE}
}

@inproceedings{samet1986improved,
  title={An improved approach to connected component labeling of images},
  author={Samet, Hanan and Tamminen, Markku},
  booktitle={International Conference on Computer Vision And Pattern Recognition},
  pages={312--318},
  year={1986}
}

@inproceedings{tamminen1984efficient,
  title={Efficient octree conversion by connectivity labeling},
  author={Tamminen, Markku and Samet, Hanan},
  booktitle={ACM SIGGRAPH Computer Graphics},
  volume={18},
  number={3},
  pages={43--51},
  year={1984},
  organization={ACM}
}

@article{bhattacharya1996connected,
  title={Connected component labeling for binary images on a reconfigurable mesh architecture},
  author={Bhattacharya, Prabir},
  journal={Journal of Systems Architecture},
  volume={42},
  number={4},
  pages={309--313},
  year={1996},
  publisher={Elsevier}
}

@article{choudhary1994connected,
  title={Connected component labeling on coarse grain parallel computers: an experimental study},
  author={Choudhary, Alok and Thakur, Rajeev},
  journal={Journal of Parallel and Distributed Computing},
  volume={20},
  number={1},
  pages={78--83},
  year={1994},
  publisher={Elsevier}
}

@article{hirschberg1979computing,
  title={Computing connected components on parallel computers},
  author={Hirschberg, Daniel S. and Chandra, Ashok K. and Sarwate, Dilip V.},
  journal={Communications of the ACM},
  volume={22},
  number={8},
  pages={461--464},
  year={1979},
  publisher={ACM}
}

@article{manohar1989connected,
  title={Connected component labeling of binary images on a mesh connected massively parallel processor},
  author={Manohar, M and Ramapriyan, HK},
  journal={Computer vision, graphics, and image processing},
  volume={45},
  number={2},
  pages={133--149},
  year={1989},
  publisher={Elsevier}
}

@article{nassimi1980finding,
  title={Finding connected components and connected ones on a mesh-connected parallel computer},
  author={Nassimi, David and Sahni, Sartaj},
  journal={SIAM Journal on computing},
  volume={9},
  number={4},
  pages={744--757},
  year={1980},
  publisher={SIAM}
}

@article{olariu1993fast,
  title={Fast component labelling and convex hull computation on reconfigurable meshes},
  author={Olariu, Stephan and Schwing, James L and Zhang, Jingyuan},
  journal={Image and vision computing},
  volume={11},
  number={7},
  pages={447--455},
  year={1993},
  publisher={Elsevier}
}