@article{MP2012_multicoreRem,
author = {Md. Mostofa Ali Patwary and Peder Refsnes and Fredrik Manne},
title = {Multi-core Spanning Forest Algorithms using the Disjoint-set Data Structure},
journal ={Parallel and Distributed Processing Symposium, International},
volume = {0},
issn = {1530-2075},
year = {2012},
pages = {827-835},
doi = {http://doi.ieeecomputersociety.org/10.1109/IPDPS.2012.79},
publisher = {IEEE Computer Society},
address = {Los Alamitos, CA, USA},
}

