@inproceedings{Wu2005_OptimizingLRPC,
  title={Optimizing connected component labeling algorithms},
  author={Wu, Kesheng and Otoo, Ekow and Shoshani, Arie},
  booktitle={Medical Imaging},
  pages={1965--1976},
  year={2005},
  organization={International Society for Optics and Photonics}
}

@article{Wu2009_LRPC,
  title={Optimizing two-pass connected-component labeling algorithms},
  author={Wu, Kesheng and Otoo, Ekow and Suzuki, Kenji},
  journal={Pattern Analysis and Applications},
  volume={12},
  number={2},
  pages={117--135},
  year={2009},
  publisher={Springer}
}

@article{He2008_Run,
  title={A run-based two-scan labeling algorithm},
  author={He, Lifeng and Chao, Yuyan and Suzuki, Kenji},
  journal={Image Processing, IEEE Transactions on},
  volume={17},
  number={5},
  pages={749--756},
  year={2008},
  publisher={IEEE}
}

@incollection{Patwary2010_RemSP,
  title={Experiments on union-find algorithms for the disjoint-set data structure},
  author={Patwary, Md Mostofa Ali and Blair, Jean and Manne, Fredrik},
  booktitle={Experimental Algorithms},
  pages={411--423},
  year={2010},
  publisher={Springer}
}

@inproceedings{He2012_ARun,
  title={A new two-scan algorithm for labeling connected components in binary images},
  author={He, Lifeng and Chao, Yuyan and Suzuki, Kenji},
  booktitle={Proceedings of the World Congress on Engineering},
  volume={2},
  year={2012}
}

@inproceedings{Patwary2012_PARemSP,
  title={Multi-core spanning forest algorithms using the disjoint-set data structure},
  author={Patwary, Md and Ali, Mostofa and Refsnes, Peder and Manne, Fredrik},
  booktitle={Parallel \& Distributed Processing Symposium (IPDPS), 2012 IEEE 26th International},
  pages={827--835},
  year={2012},
  organization={IEEE}
}

@article{Suzuki2003_Linear,
  title={Linear-time connected-component labeling based on sequential local operations},
  author={Suzuki, Kenji and Horiba, Isao and Sugie, Noboru},
  journal={Computer Vision and Image Understanding},
  volume={89},
  number={1},
  pages={1--23},
  year={2003},
  publisher={Elsevier}
}

@misc{Gonzales_Digital,
  title={Digital image processing, 1993},
  author={Gonzales, Rafael C and Woods, RE},
  publisher={Addison-Wesley Publishing Company}
}

@article{Alnuweiri1992_Parallel,
  title={Parallel architectures and algorithms for image component labeling},
  author={Alnuweiri, Hussein M and Prasanna, Viktor K},
  journal={IEEE Transactions on Pattern Analysis and Machine Intelligence},
  volume={14},
  number={10},
  pages={1014--1034},
  year={1992},
  publisher={IEEE Computer Society}
}
