@inproceedings{Wu2005_OptimizingLRPC,
  title={Optimizing connected component labeling algorithms},
  author={Wu, Kesheng and Otoo, Ekow and Shoshani, Arie},
  booktitle={Medical Imaging},
  pages={1965--1976},
  year={2005},
  organization={International Society for Optics and Photonics}
}

@article{Wu2009_LRPC,
  title={Optimizing two-pass connected-component labeling algorithms},
  author={Wu, Kesheng and Otoo, Ekow and Suzuki, Kenji},
  journal={Pattern Analysis and Applications},
  volume={12},
  number={2},
  pages={117--135},
  year={2009},
  publisher={Springer}
}

@article{He2008_Run,
  title={A run-based two-scan labeling algorithm},
  author={He, Lifeng and Chao, Yuyan and Suzuki, Kenji},
  journal={Image Processing, IEEE Transactions on},
  volume={17},
  number={5},
  pages={749--756},
  year={2008},
  publisher={IEEE}
}

@incollection{Patwary2010_RemSP,
  title={Experiments on union-find algorithms for the disjoint-set data structure},
  author={Patwary, Md Mostofa Ali and Blair, Jean and Manne, Fredrik},
  booktitle={Experimental Algorithms},
  pages={411--423},
  year={2010},
  publisher={Springer}
}

@inproceedings{He2012_ARun,
  title={A new two-scan algorithm for labeling connected components in binary images},
  author={He, Lifeng and Chao, Yuyan and Suzuki, Kenji},
  booktitle={Proceedings of the World Congress on Engineering},
  volume={2},
  year={2012}
}

@inproceedings{Patwary2012_PARemSP,
  title={Multi-core spanning forest algorithms using the disjoint-set data structure},
  author={Patwary, Md and Ali, Mostofa and Refsnes, Peder and Manne, Fredrik},
  booktitle={Parallel \& Distributed Processing Symposium (IPDPS), 2012 IEEE 26th International},
  pages={827--835},
  year={2012},
  organization={IEEE}
}

@article{Suzuki2003_Linear,
  title={Linear-time connected-component labeling based on sequential local operations},
  author={Suzuki, Kenji and Horiba, Isao and Sugie, Noboru},
  journal={Computer Vision and Image Understanding},
  volume={89},
  number={1},
  pages={1--23},
  year={2003},
  publisher={Elsevier}
}

@misc{Gonzales_Digital,
  title={Digital image processing, 1993},
  author={Gonzales, Rafael C and Woods, RE},
  publisher={Addison-Wesley Publishing Company}
}

@article{Alnuweiri1992_Parallel,
  title={Parallel architectures and algorithms for image component labeling},
  author={Alnuweiri, Hussein M and Prasanna, Viktor K},
  journal={IEEE Transactions on Pattern Analysis and Machine Intelligence},
  volume={14},
  number={10},
  pages={1014--1034},
  year={1992},
  publisher={IEEE Computer Society}
}

@inproceedings{Agarwal2006_Efficient,
  title={I/O-efficient batched union-find and its applications to terrain analysis},
  author={Agarwal, Pankaj K and Arge, Lars and Yi, Ke},
  booktitle={Proceedings of the twenty-second annual symposium on Computational geometry},
  pages={167--176},
  year={2006},
  organization={ACM}
}

@article{Chang2004_Linear,
  title={A linear-time component-labeling algorithm using contour tracing technique},
  author={Chang, Fu and Chen, Chun-Jen and Lu, Chi-Jen},
  journal={Computer Vision and Image Understanding},
  volume={93},
  number={2},
  pages={206--220},
  year={2004},
  publisher={Elsevier}
}

@article{Hayashi2001_Fast,
  title={Fast labelling of natural scenes using enhanced knowledge},
  author={Hayashi, Hiroki and Kudo, Mineichi and Toyama, Jun and Shimbo, Masaru},
  journal={Pattern Analysis \& Applications},
  volume={4},
  number={1},
  pages={20--27},
  year={2001},
  publisher={Springer}
}

@article{Hu2005_Fast,
  title={Fast connected-component labelling in three-dimensional binary images based on iterative recursion},
  author={Hu, Qingmao and Qian, Guoyu and Nowinski, Wieslaw L},
  journal={Computer Vision and Image Understanding},
  volume={99},
  number={3},
  pages={414--434},
  year={2005},
  publisher={Elsevier}
}

@article{Knop1998_Parallel,
  title={Parallel labeling of three-dimensional clusters on networks of workstations},
  author={Knop, Felipe and Rego, Vernon},
  journal={Journal of Parallel and Distributed Computing},
  volume={49},
  number={2},
  pages={182--203},
  year={1998},
  publisher={Elsevier}
}

@article{Moga1997_Parallel,
  title={Parallel image component labelling with watershed transformation},
  author={Moga, Alina N and Gabbouj, Moncef},
  journal={Pattern Analysis and Machine Intelligence, IEEE Transactions on},
  volume={19},
  number={5},
  pages={441--450},
  year={1997},
  publisher={IEEE}
}

@article{Wang2003_Parallel,
  title={Parallel execution of a connected component labeling operation on a linear array architecture},
  author={Wang, Kuang-Bor and Chia, Tsorng-Lin and Chen, Zen and Lou, Der-Chyuan},
  journal={J. Inf. Sci. Eng.},
  volume={19},
  number={2},
  pages={353--370},
  year={2003}
}
